<record><leader>00000cas a2200000 a 4500</leader><controlfield tag="001">11576959</controlfield><controlfield tag="008">850114d18941899ksuwr ne      0   a0eng d</controlfield><datafield ind1=" " ind2=" " tag="010"><subfield code="a">sn 84030483 </subfield></datafield><datafield ind1=" " ind2=" " tag="040"><subfield code="a">KSH</subfield><subfield code="b">eng</subfield><subfield code="c">KSH</subfield><subfield code="d">NPT</subfield><subfield code="d">OCL</subfield><subfield code="d">OCLCQ</subfield></datafield><datafield ind1=" " ind2=" " tag="042"><subfield code="a">msc</subfield></datafield><datafield ind1="0" ind2=" " tag="130"><subfield code="a">Newton Kansan (Newton, Kan. : 1894)</subfield></datafield><datafield ind1="1" ind2="0" tag="245"><subfield code="a">Newton Kansan.</subfield></datafield><datafield ind1=" " ind2=" " tag="260"><subfield code="a">Newton, Kan. :</subfield><subfield code="b">C.H. Kurtz,</subfield><subfield code="c">1894-1899.</subfield></datafield><datafield ind1=" " ind2=" " tag="300"><subfield code="a">5 v. :</subfield><subfield code="b">ill. ;</subfield><subfield code="c">64 cm.</subfield></datafield><datafield ind1=" " ind2=" " tag="310"><subfield code="a">Weekly</subfield></datafield><datafield ind1="0" ind2=" " tag="362"><subfield code="a">Vol. 22, no. 44 (July 5, 1894)-v. 27, no. 30 (Mar. 30, 1899).</subfield></datafield><datafield ind1=" " ind2=" " tag="500"><subfield code="a">Published by: P.H. Knowlton &amp; Co., Mar. 5, 1896-Nov. 17, 1898; The Kansan Co., Nov. 24, 1898-Mar. 30, 1899.</subfield></datafield><datafield ind1=" " ind2=" " tag="500"><subfield code="a">"Republican."</subfield></datafield><datafield ind1=" " ind2=" " tag="515"><subfield code="a">Continues numbering of: Newton Kansan (Newton, Kan. : 1872).</subfield></datafield><datafield ind1=" " ind2=" " tag="515"><subfield code="a">Mar. 30, 1899 issue and Apr. 7, 1899 issue of Newton Kansan republican both numbered v. 27, no. 30.</subfield></datafield><datafield ind1=" " ind2=" " tag="580"><subfield code="a">Issued also in a daily edition called: Evening Kansan, Mar. 12, 1897-Mar. 30, 1899.</subfield></datafield><datafield ind1=" " ind2=" " tag="752"><subfield code="a">United States</subfield><subfield code="b">Kansas</subfield><subfield code="c">Harvey</subfield><subfield code="d">Newton.</subfield></datafield><datafield ind1="1" ind2=" " tag="775"><subfield code="t">Evening Kansan</subfield><subfield code="w">(DLC)sn 84030476</subfield></datafield><datafield ind1="0" ind2="7" tag="780"><subfield code="t">Newton semi-weekly journal and Kansan</subfield><subfield code="w">(DLC)sn 84030487</subfield></datafield><datafield ind1="0" ind2="7" tag="785"><subfield code="t">Weekly republican (Newton, Kan.)</subfield><subfield code="w">(DLC)sn 84030471</subfield></datafield><datafield ind1="0" ind2="7" tag="785"><subfield code="t">Weekly Kansan republican</subfield><subfield code="w">(DLC)sn 84030482</subfield></datafield></record>